\bibliographystyle{./IEEEtran}
\bibliography{./IEEEabrv,./IEEEexample}

@article{Tom:1997,
  author = {Tom Mitchell},
  url = {http://www.cs.cmu.edu/~tom/mlbook.html}
}

@article{Hu:2019,
  author    = {Zhiting Hu and
               Xuezhe Ma and
               Zhengzhong Liu and
               Eduard H. Hovy and
               Eric P. Xing},
  title     = {Harnessing Deep Neural Networks with Logic Rules},
  journal   = {CoRR},
  volume    = {abs/1603.06318},
  year      = {2016}
  %url       = {http://arxiv.org/abs/1603.06318},
  %archivePrefix = {arXiv},
  %eprint    = {1603.06318},
  %timestamp = {Tue, 20 Aug 2019 14:19:32 +0200},
 % biburl    = {https://dblp.org/rec/journals/corr/HuMLHX16.bib},
  %bibsource = {dblp computer science bibliography, https://dblp.org}
}

@inproceedings{Chen:2017,
author = {Chen, Guobin and Choi, Wongun and Yu, Xiang and Han, Tony and Chandraker, Manmohan},
title = {Learning Efficient Object Detection Models with Knowledge Distillation},
year = {2017},
booktitle = {Neural Information Processing Systems},
pages = {742–751}
}

  

@inproceedings{Borth:2014,
author = {Borth, Damian and Chen, Tao and Ji, Rongrong and Chang, Shih-Fu},
title = {SentiBank: Large-Scale Ontology and Classifiers for Detecting Sentiment and Emotions in Visual Content},
year = {2013},
booktitle = {ACM International Conference on Multimedia},
pages = {459–460}
}

  

@article{Ratner:2017,
  author    = {Alexander Ratner and
               Stephen H. Bach and
               Henry R. Ehrenberg and
               Jason Alan Fries and
               Sen Wu and
               Christopher R{\'{e}}},
  title     = {Snorkel: Rapid Training Data Creation with Weak Supervision},
  journal   = {CoRR},
  volume    = {abs/1711.10160},
  year      = {2017}%,
  %url       = {http://arxiv.org/abs/1711.10160},
 % archivePrefix = {arXiv},
  %eprint    = {1711.10160},
  %timestamp = {Mon, 13 Aug 2018 16:47:37 +0200},
 % biburl    = {https://dblp.org/rec/journals/corr/abs-1711-10160.bib},
 % bibsource = {dblp computer science bibliography, https://dblp.org}
}

@inproceedings{Szegedy:2014,
title	= {Intriguing properties of neural networks},
author	= {Christian Szegedy and Wojciech Zaremba and Ilya Sutskever and Joan Bruna and Dumitru Erhan and Ian Goodfellow and Rob Fergus},
year	= {2014},
booktitle	= {International Conference on Learning Representations}
}

@article{Nguyen:2015,
  author    = {Anh Mai Nguyen and
               Jason Yosinski and
               Jeff Clune},
  title     = {Deep Neural Networks are Easily Fooled: High Confidence Predictions
               for Unrecognizable Images},
  journal   = {CoRR},
  volume    = {abs/1412.1897},
  year      = {2014}
%  url       = {http://arxiv.org/abs/1412.1897},
%  archivePrefix = {arXiv},
%  eprint    = {1412.1897},
%  timestamp = {Mon, 13 Aug 2018 16:48:10 +0200},
%  biburl    = {https://dblp.org/rec/journals/corr/NguyenYC14.bib},
%  bibsource = {dblp computer science bibliography, https://dblp.org}
}

@book{Garcez:2002,
  title={Neural-Symbolic Learning Systems: Foundations and Applications},
  author={Gabbay, A. and Garcez, A. and Broda, K. and Gabbay, D. M. and Gabbay, P.},
  publisher={Springer London},
  year={2002}
%  isbn={9781852335120},
%  lccn={2002070771},
%  series={Perspectives in Neural Computing},
%  url={https://books.google.com.au/books?id=6NZYVSOyD-UC},

}

@article{Bach:2015,
  author    = {Stephen H. Bach and
               Matthias Broecheler and
               Bert Huang and
               Lise Getoor},
  title     = {Hinge-Loss Markov Random Fields and Probabilistic Soft Logic},
  journal   = {CoRR},
  volume    = {abs/1505.04406},
  year      = {2015}%,
 % url       = {http://arxiv.org/abs/1505.04406},
%  archivePrefix = {arXiv},
%  eprint    = {1505.04406},
%  timestamp = {Mon, 13 Aug 2018 16:47:55 +0200},
%  biburl    = {https://dblp.org/rec/journals/corr/BachBHG15.bib},
%  bibsource = {dblp computer science bibliography, https://dblp.org}
}

@inproceedings{Lewis:92,
author = {Lewis, David D.},
title = {Feature Selection and Feature Extraction for Text Categorization},
year = {1992},
booktitle = {Proceedings of the Workshop on Speech and Natural Language},
pages = {212--217}%,
%numpages = {6}
}

  

@article{Ganchev:2010,
author = {Ganchev, Kuzman and Gra\c{c}a, Jo\~{a}o and Gillenwater, Jennifer and Taskar, Ben},
title = {Posterior Regularization for Structured Latent Variable Models},
year = {2010},
volume = {11},
journal = {Journal of Machine Learning Research},
month = August,
pages = {2001–2049}
}
%author = {Ganchev, Kuzman and Graça, João and Gillenwater, Jennifer and Taskar, Ben},
%year = {2010},
%month = {01},
%title = {Posterior Regularization for Structured Latent Variable Models}
%pages = {},
%}

@article{Kim:2014,
  author    = {Yoon Kim},
  title     = {Convolutional Neural Networks for Sentence Classification},
  journal   = {CoRR},
  volume    = {abs/1408.5882},
  year      = {2014}%,
%  url       = {http://arxiv.org/abs/1408.5882},
%  archivePrefix = {arXiv},
%  eprint    = {1408.5882},
%  timestamp = {Mon, 13 Aug 2018 16:46:21 +0200},
%  biburl    = {https://dblp.org/rec/journals/corr/Kim14f.bib},
%  bibsource = {dblp computer science bibliography, https://dblp.org}
}

@article{Mikolov:2014,
  author    = {Quoc V. Le and
               Tomas Mikolov},
  title     = {Distributed Representations of Sentences and Documents},
  journal   = {CoRR},
  volume    = {abs/1405.4053},
  year      = {2014}%,
%  url       = {http://arxiv.org/abs/1405.4053},
%  archivePrefix = {arXiv},
%  eprint    = {1405.4053},
%  timestamp = {Mon, 13 Aug 2018 16:48:49 +0200},
%  biburl    = {https://dblp.org/rec/journals/corr/LeM14.bib},
%  bibsource = {dblp computer science bibliography, https://dblp.org}
}

@article{Zeiler:2012,
  author    = {Matthew D. Zeiler},
  title     = {{ADADELTA:} An Adaptive Learning Rate Method},
  journal   = {CoRR},
  volume    = {abs/1212.5701},
  year      = {2012}%,
%  url       = {http://arxiv.org/abs/1212.5701},
%  archivePrefix = {arXiv},
%  eprint    = {1212.5701},
%  timestamp = {Mon, 13 Aug 2018 16:45:57 +0200},
%  biburl    = {https://dblp.org/rec/journals/corr/abs-1212-5701.bib},
%  bibsource = {dblp computer science bibliography, https://dblp.org}
}

@inproceedings{Socher:2014,
    title = {{G}love: Global Vectors for Word Representation},
    author = {Pennington, Jeffrey  and
      Socher, Richard  and
      Manning, Christopher},
 booktitle = {Proceedings of the 2014 Conference on Empirical Methods in Natural Language Processing ({EMNLP})},
    year = {2014},
    pages = {1532--1543}
%   month = oct,
%    address = "Doha, Qatar",
%    publisher = "Association for Computational Linguistics",
%    url = "https://www.aclweb.org/anthology/D14-1162",
%    doi = "10.3115/v1/D14-1162",
}

@inproceedings{Pang-Lee:2005,
    title = {Seeing Stars: Exploiting Class Relationships for Sentiment Categorization with Respect to Rating Scales},
    author = {Pang, Bo  and
      Lee, Lillian},
    booktitle = {Proceedings of the 43rd Annual Meeting of the Association for Computational Linguistics ({ACL}{'}05)},
    year = {2005},%,
    pages = {115--124}%,
%    month = jun,
%    address = "Ann Arbor, Michigan",
%    publisher = "Association for Computational Linguistics",
%    url = "https://www.aclweb.org/anthology/P05-1015",
%    doi = "10.3115/1219840.1219855",
}

@inproceedings{Hu-and-Liu:2004,
author = {Hu, Minqing and Liu, Bing},
year = {2004},
pages = {168--177},
title = {Mining and summarizing customer reviews},
booktitle = {Proceedings of the Tenth ACM SIGKDD International Conference on Knowledge Discovery and Data Mining}%,
%booktitle = {KDD-2004 - Proceedings of the Tenth ACM SIGKDD International Conference on Knowledge Discovery and Data Mining}%,
%month = {08},
%doi = {10.1145/1014052.1014073}
}

@inproceedings{Truong:2017,
author = {Truong, Quoc-Tuan and Lauw, Hady},
year = {2017},
month = {10},
pages = {1274-1282},
title = {Visual Sentiment Analysis for Review Images with Item-Oriented and User-Oriented CNN},
doi = {10.1145/3123266.3123374}
}

@inproceedings{You:2015,
	author = {Quanzeng You and Jiebo Luo and Hailin Jin and Jianchao Yang},
	title = {Robust Image Sentiment Analysis Using Progressively Trained and Domain Transferred Deep Networks},
	year = {2015},
	booktitle = {AAAI Conference on Artificial Intelligence},
	pages = {381–388},
	numpages = {8}
}

@inproceedings{Mathews:2016,
	author = {Alexander Mathews and Lexing Xie and Xuming He},
	title = {SentiCap: Generating Image Descriptions with Sentiments},
	year = {2016},
	booktitle = {AAAI Conference on Artificial Intelligence},
	pages = {3574–3580},
	numpages = {7}
}

@InProceedings{Vadicamo:2017,
    author = {Vadicamo, Lucia and Carrara, Fabio and Cimino, Andrea and Cresci, Stefano and Dell'Orletta, Felice and Falchi, Fabrizio and Tesconi, Maurizio},
    title = {Cross-Media Learning for Image Sentiment Analysis in the Wild},
    booktitle = {International Conference on Computer Vision Workshops},
    pages={308-317}, 
    year = {2017}
}

%@article{You:2015,
%  author    = {Quanzeng You and
%               Jiebo Luo and
%               Hailin Jin and
%               Jianchao Yang},
%  title     = {Robust Image Sentiment Analysis Using Progressively Trained and Domain
%               Transferred Deep Networks},
%  journal   = {CoRR},
%  volume    = {abs/1509.06041},
%  year      = {2015},
%   url       = {http://arxiv.org/abs/1509.06041},
%   archivePrefix = {arXiv},
%   eprint    = {1509.06041},
%   timestamp = {Mon, 13 Aug 2018 16:46:49 +0200},
%   biburl    = {https://dblp.org/rec/journals/corr/YouLJY15.bib},
%   bibsource = {dblp computer science bibliography, https://dblp.org}
}

@article{Vinyals:2016,
  author    = {Oriol Vinyals and
               Alexander Toshev and
               Samy Bengio and
               Dumitru Erhan},
  title     = {Show and Tell: Lessons learned from the 2015 {MSCOCO} Image Captioning
               Challenge},
  journal   = {CoRR},
  volume    = {abs/1609.06647},
  year      = {2016},
%   url       = {http://arxiv.org/abs/1609.06647},
%   archivePrefix = {arXiv},
%   eprint    = {1609.06647},
%   timestamp = {Mon, 13 Aug 2018 16:48:21 +0200},
%   biburl    = {https://dblp.org/rec/journals/corr/VinyalsTBE16.bib},
%   bibsource = {dblp computer science bibliography, https://dblp.org}
}

@article{Ribeiro:2016,
  author    = {Marco T{\'{u}}lio Ribeiro and
               Sameer Singh and
               Carlos Guestrin},
  title     = {"Why Should {I} Trust You?": Explaining the Predictions of Any Classifier},
  journal   = {CoRR},
  volume    = {abs/1602.04938},
  year      = {2016},
%   url       = {http://arxiv.org/abs/1602.04938},
%   archivePrefix = {arXiv},
%   eprint    = {1602.04938},
%   timestamp = {Mon, 13 Aug 2018 16:49:09 +0200},
%   biburl    = {https://dblp.org/rec/journals/corr/RibeiroSG16.bib},
%   bibsource = {dblp computer science bibliography, https://dblp.org}
}

@InProceedings{Lin:2014,
	author="Lin, Tsung-Yi
	and Maire, Michael
	and Belongie, Serge
	and Hays, James
	and Perona, Pietro
	and Ramanan, Deva
	and Doll{\'a}r, Piotr
	and Zitnick, C. Lawrence",
	editor="Fleet, David
	and Pajdla, Tomas
	and Schiele, Bernt
	and Tuytelaars, Tinne",
	title="Microsoft COCO: Common Objects in Context",
	booktitle="European Conference on Computer Vision",
	year="2014",
	publisher="Springer International Publishing",
	pages="740--755"
}