@article{laroussi_low_2005,
title = {Low {Temperature} {Plasma}-{Based} {Sterilization}: {Overview} and {State}-of-the-{Art}},
volume = {2},
issn = {1612-8850, 1612-8869},
shorttitle = {Low {Temperature} {Plasma}-{Based} {Sterilization}},
url = {http://doi.wiley.com/10.1002/ppap.200400078},
doi = {10.1002/ppap.200400078},
language = {english},
number = {5},
urldate = {2016-02-01},
journal = {Plasma Processes and Polymers},
author = {Laroussi, Mounir},
month = jun,
year = {2005},
pages = {391--400}
